@inproceedings{robot_localization,
  author    = {T. Moore and D. Stouch},
  title     = {A Generalized Extended Kalman Filter Implementation for the Robot Operating System},
  year      = {2014},
  month     = {July},
  booktitle = {Proceedings of the 13th International Conference on Intelligent Autonomous Systems (IAS-13)},
  publisher = {Springer}
}

@inproceedings{ros_original,
  title={ROS: an open-source Robot Operating System},
  author={Quigley, Morgan and Conley, Ken and Gerkey, Brian and Faust, Josh and Foote, Tully and Leibs, Jeremy and Wheeler, Rob and Ng, Andrew Y},
  booktitle={ICRA workshop on open source software},
  volume={3},
  number={3.2},
  pages={5},
  year={2009}
}

@inproceedings{gazebo,
  title={Design and use paradigms for gazebo, an open-source multi-robot simulator},
  author={Koenig, Nathan and Howard, Andrew},
  booktitle={Intelligent Robots and Systems, 2004.(IROS 2004). Proceedings. 2004 IEEE/RSJ International Conference on},
  volume={3},
  pages={2149--2154},
  year={2004},
  organization={IEEE}
}

@online{depth_to_scan,
author = {Chad Rockey},
title = {depthimage\_to\_laserscan},
year = 2016,
url = {http://wiki.ros.org/depthimage\_to\_laserscan},
urldate = {2016-03-31}
}

@online{turtlebot,
title = {TurtleBot},
year = {2016},
url = {http://wiki.ros.org/Robots/TurtleBot},
urldate = {2016-03-31}
}

@inproceedings{bezzo2014attack,
  title={Attack resilient state estimation for autonomous robotic systems},
  author={Bezzo, Nicola and Weimer, James and Pajic, Miroslav and Sokolsky, Oleg and Pappas, George J and Lee, Insup},
  booktitle={Intelligent Robots and Systems (IROS 2014), 2014 IEEE/RSJ International Conference on},
  pages={3692--3698},
  year={2014},
  organization={IEEE}
}

@inproceedings{fawzi2011secure,
  title={Secure state-estimation for dynamical systems under active adversaries},
  author={Fawzi, Hamza and Tabuada, Paulo and Diggavi, Suhas},
  booktitle={Communication, Control, and Computing (Allerton), 2011 49th Annual Allerton Conference on},
  pages={337--344},
  year={2011},
  organization={IEEE}
}

@article{mo2014resilient,
  title={Resilient detection in the presence of integrity attacks},
  author={Mo, Yilin and Hespanha, Joao P and Sinopoli, Bruno},
  journal={Signal Processing, IEEE Transactions on},
  volume={62},
  number={1},
  pages={31--43},
  year={2014},
  publisher={IEEE}
}